@article{Newman,
  title = {Fast algorithm for detecting community structure in networks},
  author = {Newman, M. E. J.},
  journal = {Phys. Rev. E},
  volume = {69},
  issue = {6},
  pages = {066133},
  numpages = {5},
  year = {2004},
  month = {Jun},
  publisher = {American Physical Society},
  doi = {10.1103/PhysRevE.69.066133},
  url = {https://link.aps.org/doi/10.1103/PhysRevE.69.066133}
}
@article{Clauset:fastgreedy,
  added-at = {2008-03-20T20:17:48.000+0100},
  author = {Clauset, Aaron and Newman, M. E. J. and Moore, Cristopher},
  biburl = {https://www.bibsonomy.org/bibtex/26a3f177f6daf7ff44d89aa1c5a696b30/kurtjx},
  doi = {10.1103/PhysRevE.70.066111},
  interhash = {2c68e3c981a00380692a3b0b661d7cfd},
  intrahash = {6a3f177f6daf7ff44d89aa1c5a696b30},
  journal = {Phys. Rev. E},
  keywords = {community community_fastgreedy igraph modularity},
  month = Dec,
  number = 6,
  numpages = {6},
  pages = 066111,
  publisher = {American Physical Society},
  timestamp = {2008-03-23T17:06:14.000+0100},
  title = {Finding community structure in very large networks},
  volume = 70,
  year = 2004
}
@article{benchmark_realistic,
  title = {Benchmark graphs for testing community detection algorithms},
  author = {Lancichinetti, Andrea and Fortunato, Santo and Radicchi, Filippo},
  journal = {Phys. Rev. E},
  volume = {78},
  issue = {4},
  pages = {046110},
  numpages = {5},
  year = {2008},
  month = {Oct},
  publisher = {American Physical Society},
  doi = {10.1103/PhysRevE.78.046110},
  url = {https://link.aps.org/doi/10.1103/PhysRevE.78.046110}
}


